<?xml version="1.0" encoding="UTF-8"?>
<marc:record xmlns:marc="http://www.loc.gov/MARC21/slim" xmlns:xsi="http://www.w3.org/2001/XMLSchema-instance" xsi:schemaLocation="http://www.loc.gov/standards/marcxml/schema/MARC21slim.xsd">
  <marc:leader>00000ncc a2200000 u 4500</marc:leader>
  <marc:controlfield tag="001">1001035524</marc:controlfield>
  <marc:controlfield tag="003">DE-633</marc:controlfield>
  <marc:controlfield tag="005">20210128160041.0</marc:controlfield>
  <marc:datafield tag="028" ind1="2" ind2="0">
    <marc:subfield code="a">19551</marc:subfield>
    <marc:subfield code="8">01</marc:subfield>
  </marc:datafield>
  <marc:datafield tag="031" ind1=" " ind2=" ">
    <marc:subfield code="a">1</marc:subfield>
    <marc:subfield code="b">1</marc:subfield>
    <marc:subfield code="c">1</marc:subfield>
    <marc:subfield code="d"/>
    <marc:subfield code="g">F-4</marc:subfield>
    <marc:subfield code="m">pf</marc:subfield>
    <marc:subfield code="n">xF</marc:subfield>
    <marc:subfield code="o">3/4</marc:subfield>
    <marc:subfield code="p">,,4B/,8{xDEG'E,BG/{FGB%G-2'GE,B}/{XAB'EBGE}/</marc:subfield>
    <marc:subfield code="r">e</marc:subfield>
    <marc:subfield code="2">pe</marc:subfield>
  </marc:datafield>
  <marc:datafield tag="031" ind1=" " ind2=" ">
    <marc:subfield code="a">1</marc:subfield>
    <marc:subfield code="b">1</marc:subfield>
    <marc:subfield code="c">2</marc:subfield>
    <marc:subfield code="d">grazioso</marc:subfield>
    <marc:subfield code="m">pf</marc:subfield>
    <marc:subfield code="n">xF</marc:subfield>
    <marc:subfield code="p">=9/'4B8{BB}4B/8{xAB''EG}4B/qq'''6{CD}r8{C''BxAB'''FB}4G--/</marc:subfield>
    <marc:subfield code="r">e</marc:subfield>
    <marc:subfield code="2">pe</marc:subfield>
  </marc:datafield>
  <marc:datafield tag="040" ind1=" " ind2=" ">
    <marc:subfield code="a">DE-633</marc:subfield>
  </marc:datafield>
  <marc:datafield tag="100" ind1="1" ind2=" ">
    <marc:subfield code="a">Chopin, Fryderyk Franciszek</marc:subfield>
    <marc:subfield code="d">1810-1849</marc:subfield>
    <marc:subfield code="j">Ascertained</marc:subfield>
    <marc:subfield code="0">pe51160</marc:subfield>
  </marc:datafield>
  <marc:datafield tag="240" ind1="1" ind2="0">
    <marc:subfield code="a">Waltzes</marc:subfield>
    <marc:subfield code="m">pf</marc:subfield>
    <marc:subfield code="n">[op. posth.]</marc:subfield>
    <marc:subfield code="n">ChomTurC 222</marc:subfield>
    <marc:subfield code="r">e</marc:subfield>
    <marc:subfield code="0">3900012</marc:subfield>
  </marc:datafield>
  <marc:datafield tag="245" ind1="1" ind2="0">
    <marc:subfield code="a">VALSE | (Mi - min.) | POUR LE | PIANO | PAR | F. CHOPIN | Oeuvre posthume. | Propriété pour tous pays. | MAYENCE CHEZ LES FILS DE B. SCHOTT. | Bruxelles Schott frères. [below] 82 Montagne de la Cour. [space] Londres, Schott &amp; C-|i|e. [below] 159 Regent Street. [space] Paris, Maison Schott. [below] 1 Rue Auber. (M-|o|n du G.|d Hôtel.). | Dépôt général de notre fonds de Musique: | LEIPZIG, C. F. LEEDE. | Enregistré aux Archives de l’Union, | au Ministère de l’Intérieur de France et à Stationers Hall. | 19551. 20526.</marc:subfield>
  </marc:datafield>
  <marc:datafield tag="260" ind1=" " ind2=" ">
    <marc:subfield code="a">Mayence</marc:subfield>
    <marc:subfield code="b">Les Fils de B. Schott</marc:subfield>
    <marc:subfield code="c">[1873-1876]</marc:subfield>
    <marc:subfield code="e">Mayence</marc:subfield>
    <marc:subfield code="f">Les Fils de B. Schott</marc:subfield>
    <marc:subfield code="8">01</marc:subfield>
  </marc:datafield>
  <marc:datafield tag="300" ind1=" " ind2=" ">
    <marc:subfield code="a">1 part</marc:subfield>
    <marc:subfield code="8">01</marc:subfield>
    <marc:subfield code="3"/>
  </marc:datafield>
  <marc:datafield tag="300" ind1=" " ind2=" ">
    <marc:subfield code="a">1 part</marc:subfield>
    <marc:subfield code="c">34,5 x 27,5 cm</marc:subfield>
    <marc:subfield code="3">320155</marc:subfield>
  </marc:datafield>
  <marc:datafield tag="300" ind1=" " ind2=" ">
    <marc:subfield code="a">1 part</marc:subfield>
    <marc:subfield code="c">31,5 x 25,5 cm</marc:subfield>
    <marc:subfield code="3">320156</marc:subfield>
  </marc:datafield>
  <marc:datafield tag="340" ind1=" " ind2=" ">
    <marc:subfield code="d">Lithography</marc:subfield>
    <marc:subfield code="8">01</marc:subfield>
  </marc:datafield>
  <marc:datafield tag="383" ind1=" " ind2=" ">
    <marc:subfield code="b">[op. posth.]</marc:subfield>
  </marc:datafield>
  <marc:datafield tag="500" ind1=" " ind2=" ">
    <marc:subfield code="a">TP lithographed, p. 2-7 lithographed, p. [8] blank.</marc:subfield>
    <marc:subfield code="3"/>
  </marc:datafield>
  <marc:datafield tag="500" ind1=" " ind2=" ">
    <marc:subfield code="a">Heading, p. 2: VALSE. | OEUVRE POSTHUME. [space] F. CHOPIN.</marc:subfield>
    <marc:subfield code="3"/>
  </marc:datafield>
  <marc:datafield tag="500" ind1=" " ind2=" ">
    <marc:subfield code="a">Reprint of first edition (1868) with added publisher's number: 20526 on TP.</marc:subfield>
    <marc:subfield code="3"/>
  </marc:datafield>
  <marc:datafield tag="500" ind1=" " ind2=" ">
    <marc:subfield code="a">Footline, p. 2: Stich und Druck von B. SCHOTT’S SÖHNEN in Mainz | 19551.; p. 3-7: 19551.</marc:subfield>
    <marc:subfield code="3"/>
  </marc:datafield>
  <marc:datafield tag="500" ind1=" " ind2=" ">
    <marc:subfield code="a">TP: loose, inscriptions in pencil: "e-moll" (top]), "[po 1871]" (below).</marc:subfield>
    <marc:subfield code="3">320155</marc:subfield>
  </marc:datafield>
  <marc:datafield tag="500" ind1=" " ind2=" ">
    <marc:subfield code="a">Last page: loose.</marc:subfield>
    <marc:subfield code="3">320155</marc:subfield>
  </marc:datafield>
  <marc:datafield tag="500" ind1=" " ind2=" ">
    <marc:subfield code="a">TP and last reinforced with white adhesive tape.</marc:subfield>
    <marc:subfield code="3">320156</marc:subfield>
  </marc:datafield>
  <marc:datafield tag="500" ind1=" " ind2=" ">
    <marc:subfield code="a">TP: oval stamp: "ALBERT ROOTHAAN | PIANO- en | MUZIEKHANDEL | AMSTERDAM"; inscription in pencil "[po 1871]".</marc:subfield>
    <marc:subfield code="3">320156</marc:subfield>
  </marc:datafield>
  <marc:datafield tag="506" ind1=" " ind2=" ">
    <marc:subfield code="a">Treasury of the Library</marc:subfield>
    <marc:subfield code="3">320155</marc:subfield>
  </marc:datafield>
  <marc:datafield tag="506" ind1=" " ind2=" ">
    <marc:subfield code="a">Treasury of the Library</marc:subfield>
    <marc:subfield code="3">320156</marc:subfield>
  </marc:datafield>
  <marc:datafield tag="590" ind1=" " ind2=" ">
    <marc:subfield code="a">pf</marc:subfield>
    <marc:subfield code="b">7 p.</marc:subfield>
    <marc:subfield code="8">01</marc:subfield>
  </marc:datafield>
  <marc:datafield tag="593" ind1=" " ind2=" ">
    <marc:subfield code="a">Print</marc:subfield>
    <marc:subfield code="8">01</marc:subfield>
  </marc:datafield>
  <marc:datafield tag="594" ind1=" " ind2=" ">
    <marc:subfield code="b">pf</marc:subfield>
    <marc:subfield code="c">1</marc:subfield>
  </marc:datafield>
  <marc:datafield tag="594" ind1=" " ind2=" ">
    <marc:subfield code="a">pf</marc:subfield>
  </marc:datafield>
  <marc:datafield tag="599" ind1=" " ind2=" ">
    <marc:subfield code="b">full</marc:subfield>
  </marc:datafield>
  <marc:datafield tag="650" ind1="0" ind2="7">
    <marc:subfield code="a">Waltzes</marc:subfield>
    <marc:subfield code="0">25220</marc:subfield>
  </marc:datafield>
  <marc:datafield tag="650" ind1="0" ind2="7">
    <marc:subfield code="a">First editions</marc:subfield>
    <marc:subfield code="0">3902070</marc:subfield>
  </marc:datafield>
  <marc:datafield tag="650" ind1="0" ind2="7">
    <marc:subfield code="a">Reprints</marc:subfield>
    <marc:subfield code="0">3902072</marc:subfield>
  </marc:datafield>
  <marc:datafield tag="690" ind1=" " ind2="7">
    <marc:subfield code="a">ChomTurC</marc:subfield>
    <marc:subfield code="n">222</marc:subfield>
    <marc:subfield code="0">lit30000031</marc:subfield>
  </marc:datafield>
  <marc:datafield tag="691" ind1=" " ind2="7">
    <marc:subfield code="a">GrabowskiC 2010</marc:subfield>
    <marc:subfield code="n">WaltzEm–1b-SCH</marc:subfield>
    <marc:subfield code="0">lit30025545</marc:subfield>
    <marc:subfield code="3"/>
  </marc:datafield>
  <marc:datafield tag="710" ind1="2" ind2=" ">
    <marc:subfield code="a">B. Schott's Söhne</marc:subfield>
    <marc:subfield code="g">Ascertained</marc:subfield>
    <marc:subfield code="0">ks13373</marc:subfield>
    <marc:subfield code="4">pbl</marc:subfield>
    <marc:subfield code="3"/>
  </marc:datafield>
  <marc:datafield tag="710" ind1="2" ind2=" ">
    <marc:subfield code="a">C. F. Leede</marc:subfield>
    <marc:subfield code="g">Ascertained</marc:subfield>
    <marc:subfield code="0">ks30076585</marc:subfield>
    <marc:subfield code="4">dpt</marc:subfield>
    <marc:subfield code="3"/>
  </marc:datafield>
  <marc:datafield tag="710" ind1="2" ind2=" ">
    <marc:subfield code="a">Ministre de L'intérieur</marc:subfield>
    <marc:subfield code="0">ks15797</marc:subfield>
    <marc:subfield code="4">oth</marc:subfield>
    <marc:subfield code="3"/>
  </marc:datafield>
  <marc:datafield tag="710" ind1="2" ind2=" ">
    <marc:subfield code="a">Stationers' Company</marc:subfield>
    <marc:subfield code="0">ks51000340</marc:subfield>
    <marc:subfield code="4">oth</marc:subfield>
    <marc:subfield code="3"/>
  </marc:datafield>
  <marc:datafield tag="710" ind1="2" ind2=" ">
    <marc:subfield code="a">Albert Roothaan</marc:subfield>
    <marc:subfield code="0">ks51000714</marc:subfield>
    <marc:subfield code="3">320156</marc:subfield>
    <marc:subfield code="4">bsl</marc:subfield>
  </marc:datafield>
  <marc:datafield tag="852" ind1=" " ind2=" ">
    <marc:subfield code="a">PL-Wnifc</marc:subfield>
    <marc:subfield code="b">Biblioteka Narodowego Instytutu Fryderyka Chopina</marc:subfield>
    <marc:subfield code="e">Narodowy Instytut Fryderyka Chopina</marc:subfield>
    <marc:subfield code="x">ks51003139</marc:subfield>
    <marc:subfield code="3">320155</marc:subfield>
    <marc:subfield code="c">2067/n</marc:subfield>
    <marc:subfield code="p"/>
    <marc:subfield code="q"/>
    <marc:subfield code="u"/>
    <marc:subfield code="z"/>
  </marc:datafield>
  <marc:datafield tag="852" ind1=" " ind2=" ">
    <marc:subfield code="a">PL-Wnifc</marc:subfield>
    <marc:subfield code="b">Biblioteka Narodowego Instytutu Fryderyka Chopina</marc:subfield>
    <marc:subfield code="e">Narodowy Instytut Fryderyka Chopina</marc:subfield>
    <marc:subfield code="x">ks51003139</marc:subfield>
    <marc:subfield code="3">320156</marc:subfield>
    <marc:subfield code="c">2651/n</marc:subfield>
    <marc:subfield code="p"/>
    <marc:subfield code="q"/>
    <marc:subfield code="u"/>
    <marc:subfield code="z"/>
  </marc:datafield>
  <marc:datafield tag="980" ind1=" " ind2=" ">
    <marc:subfield code="a">RISM</marc:subfield>
    <marc:subfield code="c">examined</marc:subfield>
  </marc:datafield>
</marc:record>
